<?xml version="1.0" encoding="UTF-8"?><collection xmlns="http://www.loc.gov/MARC21/slim"><record><leader>00436nam--2200145-i-4500</leader><controlfield tag="001">000013901</controlfield><controlfield tag="002">20161230</controlfield><controlfield tag="005">20161230201030</controlfield><controlfield tag="008">060222s1000------------r-----000-0-eng-d</controlfield><datafield ind1=" " ind2=" " tag="080"><subfield code="a">574(043)</subfield></datafield><datafield ind1=" " ind2=" " tag="100"><subfield code="a">Cassagnau, Paul</subfield></datafield><datafield ind1=" " ind2=" " tag="245"><subfield code="a">Contribution a l`etude ecologique des collembo les du sol et de ses annexes dans les pyrenees centrales. theses</subfield></datafield><datafield ind1=" " ind2=" " tag="260"><subfield code="a">Herman, Faculte De Sciences, 1960. 231 P</subfield></datafield><datafield ind1=" " ind2=" " tag="490"><subfield code="a">15 Bis</subfield></datafield><datafield ind1=" " ind2=" " tag="852"><subfield code="a">48096</subfield></datafield></record></collection>